%YAML 1.1
%TAG !u! tag:unity3d.com,2011:
--- !u!1001 &100100000
Prefab:
  m_ObjectHideFlags: 1
  serializedVersion: 2
  m_Modification:
    m_TransformParent: {fileID: 0}
    m_Modifications: []
    m_RemovedComponents: []
  m_ParentPrefab: {fileID: 0}
  m_RootGameObject: {fileID: 1827351999743614}
  m_IsPrefabParent: 1
--- !u!1 &1827351999743614
GameObject:
  m_ObjectHideFlags: 0
  m_PrefabParentObject: {fileID: 0}
  m_PrefabInternal: {fileID: 100100000}
  serializedVersion: 5
  m_Component:
  - component: {fileID: 4175021375923766}
  - component: {fileID: 212998662257617766}
  - component: {fileID: 95671386384796280}
  - component: {fileID: 60141391415663640}
  - component: {fileID: 114930814763374366}
  - component: {fileID: 50272904954568014}
  m_Layer: 0
  m_Name: boss_laser_fire
  m_TagString: bossLaser
  m_Icon: {fileID: 0}
  m_NavMeshLayer: 0
  m_StaticEditorFlags: 0
  m_IsActive: 1
--- !u!4 &4175021375923766
Transform:
  m_ObjectHideFlags: 1
  m_PrefabParentObject: {fileID: 0}
  m_PrefabInternal: {fileID: 100100000}
  m_GameObject: {fileID: 1827351999743614}
  m_LocalRotation: {x: -0, y: -0, z: -0, w: 1}
  m_LocalPosition: {x: -2.35, y: -0.01, z: 0}
  m_LocalScale: {x: 1.0926313, y: 1.0926313, z: 1.0926313}
  m_Children: []
  m_Father: {fileID: 0}
  m_RootOrder: 0
  m_LocalEulerAnglesHint: {x: 0, y: 0, z: 0}
--- !u!50 &50272904954568014
Rigidbody2D:
  serializedVersion: 4
  m_ObjectHideFlags: 1
  m_PrefabParentObject: {fileID: 0}
  m_PrefabInternal: {fileID: 100100000}
  m_GameObject: {fileID: 1827351999743614}
  m_BodyType: 1
  m_Simulated: 1
  m_UseFullKinematicContacts: 0
  m_UseAutoMass: 0
  m_Mass: 1
  m_LinearDrag: 0
  m_AngularDrag: 0.05
  m_GravityScale: 1
  m_Material: {fileID: 0}
  m_Interpolate: 0
  m_SleepingMode: 1
  m_CollisionDetection: 1
  m_Constraints: 0
--- !u!60 &60141391415663640
PolygonCollider2D:
  m_ObjectHideFlags: 1
  m_PrefabParentObject: {fileID: 0}
  m_PrefabInternal: {fileID: 100100000}
  m_GameObject: {fileID: 1827351999743614}
  m_Enabled: 1
  m_Density: 1
  m_Material: {fileID: 0}
  m_IsTrigger: 1
  m_UsedByEffector: 0
  m_UsedByComposite: 0
  m_Offset: {x: 0, y: 0}
  m_SpriteTilingProperty:
    border: {x: 0, y: 0, z: 0, w: 0}
    pivot: {x: 0.5, y: 0.5}
    oldSize: {x: 11, y: 1.86}
    newSize: {x: 10.93, y: 1.4}
    adaptiveTilingThreshold: 0.5
    drawMode: 0
    adaptiveTiling: 0
  m_AutoTiling: 0
  m_Points:
    m_Paths:
    - - {x: -3.09, y: -0.35}
      - {x: -2.71, y: -0.34}
      - {x: -2.7, y: -0.37}
      - {x: -2.52, y: -0.32}
      - {x: -2.24, y: -0.29999998}
      - {x: -1.68, y: -0.29}
      - {x: -1.18, y: -0.25}
      - {x: -1.16, y: -0.26999998}
      - {x: -1.04, y: -0.29}
      - {x: -0.96999997, y: -0.29}
      - {x: -0.95, y: -0.26999998}
      - {x: -0.96, y: -0.24}
      - {x: -0.84, y: -0.24}
      - {x: -0.91999996, y: -0.26}
      - {x: -0.96, y: -0.29}
      - {x: -0.96999997, y: -0.32}
      - {x: -0.9, y: -0.35999998}
      - {x: -0.55, y: -0.32999998}
      - {x: -0.31, y: -0.22}
      - {x: 0, y: -0.22}
      - {x: 0.13, y: -0.28}
      - {x: 0.39999998, y: -0.26}
      - {x: 0.45, y: -0.19999999}
      - {x: 0.82, y: -0.17}
      - {x: 1.74, y: -0.14}
      - {x: 1.9699999, y: -0.16}
      - {x: 2.3799999, y: -0.14999999}
      - {x: 2.77, y: -0.099999994}
      - {x: 2.78, y: -0.14}
      - {x: 3.1399999, y: -0.22}
      - {x: 3.1899998, y: -0.26999998}
      - {x: 3.52, y: -0.29999998}
      - {x: 3.6299999, y: -0.35}
      - {x: 4.13, y: -0.32999998}
      - {x: 4.33, y: -0.29}
      - {x: 4.41, y: -0.26999998}
      - {x: 4.52, y: -0.25}
      - {x: 4.63, y: -0.19}
      - {x: 4.66, y: -0.12}
      - {x: 4.66, y: 0.06}
      - {x: 4.65, y: 0.22999999}
      - {x: 4.5499997, y: 0.32999998}
      - {x: 4.13, y: 0.37}
      - {x: 3.7099998, y: 0.37}
      - {x: 3.62, y: 0.34}
      - {x: 3.1399999, y: 0.32999998}
      - {x: 2.8, y: 0.21}
      - {x: 2.5, y: 0.26999998}
      - {x: 2.4199998, y: 0.28}
      - {x: 2.3999999, y: 0.25}
      - {x: 2.04, y: 0.24}
      - {x: 1.8, y: 0.21}
      - {x: 1.74, y: 0.19999999}
      - {x: 1.3199999, y: 0.19999999}
      - {x: 0.65, y: 0.24}
      - {x: 0.26, y: 0.25}
      - {x: 0.12, y: 0.32}
      - {x: -0.19999999, y: 0.29999998}
      - {x: -0.84, y: 0.29}
      - {x: -1.12, y: 0.29999998}
      - {x: -1.3299999, y: 0.35}
      - {x: -1.6899999, y: 0.42}
      - {x: -1.91, y: 0.41}
      - {x: -2.24, y: 0.39999998}
      - {x: -2.6399999, y: 0.39}
      - {x: -2.77, y: 0.38}
      - {x: -3.46, y: 0.39999998}
      - {x: -3.9399998, y: 0.44}
      - {x: -4.58, y: 0.45999998}
      - {x: -5.41, y: 0.48}
      - {x: -5.5, y: 0.48}
      - {x: -5.5, y: -0.42999998}
      - {x: -5.37, y: -0.42999998}
      - {x: -4.65, y: -0.41}
      - {x: -4.14, y: -0.45999998}
      - {x: -3.9599998, y: -0.45999998}
      - {x: -3.81, y: -0.39999998}
      - {x: -3.6799998, y: -0.35999998}
      - {x: -3.4199998, y: -0.35}
    - - {x: -3.9399998, y: -0.38}
      - {x: -3.9099998, y: -0.37}
      - {x: -3.8999999, y: -0.35}
      - {x: -4.2599998, y: -0.38}
      - {x: -4.24, y: -0.39999998}
    - - {x: 2.26, y: 0.17}
      - {x: 2.05, y: 0.16}
      - {x: 2.09, y: 0.14999999}
      - {x: 2.1399999, y: 0.16}
      - {x: 2.1499999, y: 0.17}
      - {x: 2.21, y: 0.17}
      - {x: 2.26, y: 0.17999999}
      - {x: 2.6299999, y: 0.16}
      - {x: 2.6799998, y: 0.16}
      - {x: 2.57, y: 0.16}
    - - {x: 3, y: 0.17}
      - {x: 2.98, y: 0.16}
      - {x: 2.99, y: 0.17}
    - - {x: -3.26, y: 0.48}
      - {x: -3.33, y: 0.45}
      - {x: -3.33, y: 0.42}
      - {x: -3.32, y: 0.41}
      - {x: -3.12, y: 0.39}
      - {x: -3.04, y: 0.39}
      - {x: -3.03, y: 0.41}
      - {x: -3.04, y: 0.45}
      - {x: -3.1, y: 0.48}
--- !u!95 &95671386384796280
Animator:
  serializedVersion: 3
  m_ObjectHideFlags: 1
  m_PrefabParentObject: {fileID: 0}
  m_PrefabInternal: {fileID: 100100000}
  m_GameObject: {fileID: 1827351999743614}
  m_Enabled: 1
  m_Avatar: {fileID: 0}
  m_Controller: {fileID: 9100000, guid: 1c7141df606ce49b783af832027e4401, type: 2}
  m_CullingMode: 0
  m_UpdateMode: 0
  m_ApplyRootMotion: 0
  m_LinearVelocityBlending: 0
  m_WarningMessage: 
  m_HasTransformHierarchy: 1
  m_AllowConstantClipSamplingOptimization: 1
--- !u!114 &114930814763374366
MonoBehaviour:
  m_ObjectHideFlags: 1
  m_PrefabParentObject: {fileID: 0}
  m_PrefabInternal: {fileID: 100100000}
  m_GameObject: {fileID: 1827351999743614}
  m_Enabled: 1
  m_EditorHideFlags: 0
  m_Script: {fileID: 11500000, guid: 1d2bb97385a214c098249eb3ed51c038, type: 3}
  m_Name: 
  m_EditorClassIdentifier: 
--- !u!212 &212998662257617766
SpriteRenderer:
  m_ObjectHideFlags: 1
  m_PrefabParentObject: {fileID: 0}
  m_PrefabInternal: {fileID: 100100000}
  m_GameObject: {fileID: 1827351999743614}
  m_Enabled: 1
  m_CastShadows: 0
  m_ReceiveShadows: 0
  m_MotionVectors: 1
  m_LightProbeUsage: 1
  m_ReflectionProbeUsage: 1
  m_Materials:
  - {fileID: 10754, guid: 0000000000000000f000000000000000, type: 0}
  m_StaticBatchInfo:
    firstSubMesh: 0
    subMeshCount: 0
  m_StaticBatchRoot: {fileID: 0}
  m_ProbeAnchor: {fileID: 0}
  m_LightProbeVolumeOverride: {fileID: 0}
  m_ScaleInLightmap: 1
  m_PreserveUVs: 0
  m_IgnoreNormalsForChartDetection: 0
  m_ImportantGI: 0
  m_SelectedEditorRenderState: 0
  m_MinimumChartSize: 4
  m_AutoUVMaxDistance: 0.5
  m_AutoUVMaxAngle: 89
  m_LightmapParameters: {fileID: 0}
  m_SortingLayerID: 0
  m_SortingLayer: 0
  m_SortingOrder: 2
  m_Sprite: {fileID: 21300018, guid: 97079fa90a5624ead839146ea1b0f168, type: 3}
  m_Color: {r: 1, g: 1, b: 1, a: 1}
  m_FlipX: 0
  m_FlipY: 0
  m_DrawMode: 0
  m_Size: {x: 10.93, y: 1.4}
  m_AdaptiveModeThreshold: 0.5
  m_SpriteTileMode: 0
  m_WasSpriteAssigned: 1
