%YAML 1.1
%TAG !u! tag:unity3d.com,2011:
--- !u!1001 &100100000
Prefab:
  m_ObjectHideFlags: 1
  serializedVersion: 2
  m_Modification:
    m_TransformParent: {fileID: 0}
    m_Modifications: []
    m_RemovedComponents: []
  m_ParentPrefab: {fileID: 0}
  m_RootGameObject: {fileID: 1363956920300558}
  m_IsPrefabParent: 1
--- !u!1 &1363956920300558
GameObject:
  m_ObjectHideFlags: 0
  m_PrefabParentObject: {fileID: 0}
  m_PrefabInternal: {fileID: 100100000}
  serializedVersion: 5
  m_Component:
  - component: {fileID: 4878107990600066}
  - component: {fileID: 212292166296382898}
  - component: {fileID: 50497888656170206}
  - component: {fileID: 60338571954201118}
  - component: {fileID: 114845977047846498}
  - component: {fileID: 114803163136087430}
  m_Layer: 0
  m_Name: enemy
  m_TagString: Enemy
  m_Icon: {fileID: 0}
  m_NavMeshLayer: 0
  m_StaticEditorFlags: 0
  m_IsActive: 1
--- !u!4 &4878107990600066
Transform:
  m_ObjectHideFlags: 1
  m_PrefabParentObject: {fileID: 0}
  m_PrefabInternal: {fileID: 100100000}
  m_GameObject: {fileID: 1363956920300558}
  m_LocalRotation: {x: 0, y: 0, z: 0, w: 1}
  m_LocalPosition: {x: -15.170811, y: 1.835612, z: 0}
  m_LocalScale: {x: 0.39487252, y: 0.39487252, z: 0.39487252}
  m_Children: []
  m_Father: {fileID: 0}
  m_RootOrder: 0
  m_LocalEulerAnglesHint: {x: 0, y: 0, z: 0}
--- !u!50 &50497888656170206
Rigidbody2D:
  serializedVersion: 4
  m_ObjectHideFlags: 1
  m_PrefabParentObject: {fileID: 0}
  m_PrefabInternal: {fileID: 100100000}
  m_GameObject: {fileID: 1363956920300558}
  m_BodyType: 1
  m_Simulated: 1
  m_UseFullKinematicContacts: 0
  m_UseAutoMass: 0
  m_Mass: 1
  m_LinearDrag: 0
  m_AngularDrag: 0.05
  m_GravityScale: 1
  m_Material: {fileID: 0}
  m_Interpolate: 0
  m_SleepingMode: 1
  m_CollisionDetection: 0
  m_Constraints: 0
--- !u!60 &60338571954201118
PolygonCollider2D:
  m_ObjectHideFlags: 1
  m_PrefabParentObject: {fileID: 0}
  m_PrefabInternal: {fileID: 100100000}
  m_GameObject: {fileID: 1363956920300558}
  m_Enabled: 1
  m_Density: 1
  m_Material: {fileID: 0}
  m_IsTrigger: 0
  m_UsedByEffector: 0
  m_UsedByComposite: 0
  m_Offset: {x: 0, y: 0}
  m_SpriteTilingProperty:
    border: {x: 0, y: 0, z: 0, w: 0}
    pivot: {x: 0.5, y: 0.5}
    oldSize: {x: 3.75, y: 3}
    newSize: {x: 3.75, y: 3}
    adaptiveTilingThreshold: 0.5
    drawMode: 0
    adaptiveTiling: 0
  m_AutoTiling: 0
  m_Points:
    m_Paths:
    - - {x: 0.114999995, y: -1.16}
      - {x: 0.275, y: -1.02}
      - {x: 0.315, y: -0.9}
      - {x: 0.355, y: -0.71999997}
      - {x: 0.445, y: -0.63}
      - {x: 0.515, y: -0.5}
      - {x: 0.525, y: -0.59}
      - {x: 0.45499998, y: -0.96}
      - {x: 0.465, y: -0.98999995}
      - {x: 0.49499997, y: -1}
      - {x: 0.525, y: -0.96999997}
      - {x: 0.635, y: -0.84999996}
      - {x: 0.84499997, y: -0.62}
      - {x: 0.955, y: -0.5}
      - {x: 0.995, y: -0.45999998}
      - {x: 1.0749999, y: -0.55}
      - {x: 1.115, y: -0.53}
      - {x: 1.275, y: -0.71}
      - {x: 1.655, y: -1.04}
      - {x: 1.8349999, y: -1.22}
      - {x: 1.875, y: -1.1999999}
      - {x: 1.875, y: -1.12}
      - {x: 1.8549999, y: -0.96999997}
      - {x: 1.7149999, y: -0.5}
      - {x: 1.865, y: -0.32}
      - {x: 1.865, y: -0.29}
      - {x: 1.805, y: -0.14}
      - {x: 1.775, y: -0.11}
      - {x: 1.5849999, y: -0.14}
      - {x: 1.4649999, y: 0.06}
      - {x: 1.275, y: 0.28}
      - {x: 1.255, y: 0.26999998}
      - {x: 1.225, y: 0.25}
      - {x: 1.185, y: 0.32999998}
      - {x: 1.125, y: 0.42}
      - {x: 1.025, y: 0.53}
      - {x: 0.815, y: 0.74}
      - {x: 0.715, y: 0.83}
      - {x: 0.66499996, y: 0.84999996}
      - {x: 0.635, y: 0.84}
      - {x: 0.615, y: 0.69}
      - {x: 0.585, y: 0.28}
      - {x: 0.585, y: 0.17}
      - {x: 0.515, y: 0.11}
      - {x: 0.45499998, y: 0.13}
      - {x: 0.515, y: 0.22}
      - {x: 0.515, y: 0.34}
      - {x: 0.49499997, y: 0.42999998}
      - {x: 0.385, y: 0.84999996}
      - {x: 0.235, y: 1.15}
      - {x: 0.185, y: 1.3199999}
      - {x: 0.035, y: 1.48}
      - {x: -0.015, y: 1.48}
      - {x: -0.13499999, y: 1.36}
      - {x: -0.16499999, y: 1.31}
      - {x: -0.205, y: 1.1899999}
      - {x: -0.24499999, y: 1.13}
      - {x: -0.385, y: 0.85999995}
      - {x: -0.515, y: 0.28}
      - {x: -0.515, y: 0.22}
      - {x: -0.445, y: 0.099999994}
      - {x: -0.48499998, y: 0.08}
      - {x: -0.575, y: 0.19}
      - {x: -0.585, y: 0.39999998}
      - {x: -0.625, y: 0.7}
      - {x: -0.645, y: 0.84}
      - {x: -0.66499996, y: 0.85999995}
      - {x: -0.755, y: 0.81}
      - {x: -1.025, y: 0.53}
      - {x: -1.175, y: 0.35999998}
      - {x: -1.225, y: 0.26999998}
      - {x: -1.275, y: 0.28}
      - {x: -1.405, y: 0.14}
      - {x: -1.4549999, y: 0.06}
      - {x: -1.525, y: -0.049999997}
      - {x: -1.5849999, y: -0.14999999}
      - {x: -1.775, y: -0.12}
      - {x: -1.8149999, y: -0.14}
      - {x: -1.875, y: -0.31}
      - {x: -1.7149999, y: -0.48}
      - {x: -1.8249999, y: -0.85999995}
      - {x: -1.875, y: -1.11}
      - {x: -1.875, y: -1.1999999}
      - {x: -1.8449999, y: -1.2099999}
      - {x: -1.755, y: -1.13}
      - {x: -1.285, y: -0.71}
      - {x: -1.0849999, y: -0.56}
      - {x: -0.955, y: -0.52}
      - {x: -0.84499997, y: -0.62}
      - {x: -0.625, y: -0.87}
      - {x: -0.49499997, y: -1}
      - {x: -0.465, y: -0.98999995}
      - {x: -0.465, y: -0.95}
      - {x: -0.545, y: -0.51}
      - {x: -0.505, y: -0.53}
      - {x: -0.405, y: -0.66999996}
      - {x: -0.355, y: -0.71}
      - {x: -0.275, y: -1.02}
      - {x: -0.125, y: -1.16}
      - {x: -0.114999995, y: -1.23}
      - {x: -0.085, y: -1.4}
      - {x: -0.024999999, y: -1.48}
      - {x: 0.005, y: -1.48}
      - {x: 0.055, y: -1.4399999}
      - {x: 0.105, y: -1.3399999}
      - {x: 0.114999995, y: -1.23}
--- !u!114 &114803163136087430
MonoBehaviour:
  m_ObjectHideFlags: 1
  m_PrefabParentObject: {fileID: 0}
  m_PrefabInternal: {fileID: 100100000}
  m_GameObject: {fileID: 1363956920300558}
  m_Enabled: 1
  m_EditorHideFlags: 0
  m_Script: {fileID: 11500000, guid: 9a3404fe4d82b45f3b3f44c198b3e923, type: 3}
  m_Name: 
  m_EditorClassIdentifier: 
  explosion: {fileID: 1752059679531312, guid: a156f5025879044a3aefd4c54b6bfd81, type: 2}
  bomb: {fileID: 1788528395967296, guid: 25ed0d31eb0c9924195378c9a20447a9, type: 2}
  life: {fileID: 1942494542301652, guid: 0e0b482e5d5e44fde82df5497befccb2, type: 2}
--- !u!114 &114845977047846498
MonoBehaviour:
  m_ObjectHideFlags: 1
  m_PrefabParentObject: {fileID: 0}
  m_PrefabInternal: {fileID: 100100000}
  m_GameObject: {fileID: 1363956920300558}
  m_Enabled: 1
  m_EditorHideFlags: 0
  m_Script: {fileID: 11500000, guid: 027abb66633494bc18ed24bd00522484, type: 3}
  m_Name: 
  m_EditorClassIdentifier: 
  laser: {fileID: 1991673965536272, guid: fba1cdca14d444f0481a4e376b8322d7, type: 2}
  speed: 0.05
  shootingChance: 100
  dirChangeChance: 200
  spawningSpeed: 3
  spawningXLimit: 0.5
--- !u!212 &212292166296382898
SpriteRenderer:
  m_ObjectHideFlags: 1
  m_PrefabParentObject: {fileID: 0}
  m_PrefabInternal: {fileID: 100100000}
  m_GameObject: {fileID: 1363956920300558}
  m_Enabled: 1
  m_CastShadows: 0
  m_ReceiveShadows: 0
  m_MotionVectors: 1
  m_LightProbeUsage: 1
  m_ReflectionProbeUsage: 1
  m_Materials:
  - {fileID: 10754, guid: 0000000000000000f000000000000000, type: 0}
  m_StaticBatchInfo:
    firstSubMesh: 0
    subMeshCount: 0
  m_StaticBatchRoot: {fileID: 0}
  m_ProbeAnchor: {fileID: 0}
  m_LightProbeVolumeOverride: {fileID: 0}
  m_ScaleInLightmap: 1
  m_PreserveUVs: 0
  m_IgnoreNormalsForChartDetection: 0
  m_ImportantGI: 0
  m_SelectedEditorRenderState: 0
  m_MinimumChartSize: 4
  m_AutoUVMaxDistance: 0.5
  m_AutoUVMaxAngle: 89
  m_LightmapParameters: {fileID: 0}
  m_SortingLayerID: 0
  m_SortingLayer: 0
  m_SortingOrder: 10
  m_Sprite: {fileID: 21300000, guid: e0ad97d918e6446b59a82cf76f77ace0, type: 3}
  m_Color: {r: 1, g: 1, b: 1, a: 1}
  m_FlipX: 0
  m_FlipY: 0
  m_DrawMode: 0
  m_Size: {x: 3.75, y: 3}
  m_AdaptiveModeThreshold: 0.5
  m_SpriteTileMode: 0
  m_WasSpriteAssigned: 1
