%YAML 1.1
%TAG !u! tag:unity3d.com,2011:
--- !u!1001 &100100000
Prefab:
  m_ObjectHideFlags: 1
  serializedVersion: 2
  m_Modification:
    m_TransformParent: {fileID: 0}
    m_Modifications: []
    m_RemovedComponents: []
  m_ParentPrefab: {fileID: 0}
  m_RootGameObject: {fileID: 1188512252761294}
  m_IsPrefabParent: 1
--- !u!1 &1188512252761294
GameObject:
  m_ObjectHideFlags: 0
  m_PrefabParentObject: {fileID: 0}
  m_PrefabInternal: {fileID: 100100000}
  serializedVersion: 5
  m_Component:
  - component: {fileID: 4049174339909282}
  - component: {fileID: 212417270504699266}
  - component: {fileID: 114168600410976992}
  - component: {fileID: 50923107879537232}
  - component: {fileID: 60154520178542362}
  - component: {fileID: 114720419156850142}
  - component: {fileID: 82870122447277736}
  m_Layer: 0
  m_Name: spaceship
  m_TagString: Player
  m_Icon: {fileID: 0}
  m_NavMeshLayer: 0
  m_StaticEditorFlags: 0
  m_IsActive: 1
--- !u!4 &4049174339909282
Transform:
  m_ObjectHideFlags: 1
  m_PrefabParentObject: {fileID: 0}
  m_PrefabInternal: {fileID: 100100000}
  m_GameObject: {fileID: 1188512252761294}
  m_LocalRotation: {x: 0, y: 0, z: 0, w: 1}
  m_LocalPosition: {x: -6.549, y: 0, z: 0}
  m_LocalScale: {x: 0.2584705, y: 0.3920531, z: 1}
  m_Children: []
  m_Father: {fileID: 0}
  m_RootOrder: 0
  m_LocalEulerAnglesHint: {x: 0, y: 0, z: 0}
--- !u!50 &50923107879537232
Rigidbody2D:
  serializedVersion: 4
  m_ObjectHideFlags: 1
  m_PrefabParentObject: {fileID: 0}
  m_PrefabInternal: {fileID: 100100000}
  m_GameObject: {fileID: 1188512252761294}
  m_BodyType: 1
  m_Simulated: 1
  m_UseFullKinematicContacts: 0
  m_UseAutoMass: 0
  m_Mass: 1
  m_LinearDrag: 0
  m_AngularDrag: 0.05
  m_GravityScale: 1
  m_Material: {fileID: 0}
  m_Interpolate: 0
  m_SleepingMode: 1
  m_CollisionDetection: 0
  m_Constraints: 0
--- !u!60 &60154520178542362
PolygonCollider2D:
  m_ObjectHideFlags: 1
  m_PrefabParentObject: {fileID: 0}
  m_PrefabInternal: {fileID: 100100000}
  m_GameObject: {fileID: 1188512252761294}
  m_Enabled: 1
  m_Density: 1
  m_Material: {fileID: 0}
  m_IsTrigger: 0
  m_UsedByEffector: 0
  m_UsedByComposite: 0
  m_Offset: {x: 0, y: 0}
  m_SpriteTilingProperty:
    border: {x: 0, y: 0, z: 0, w: 0}
    pivot: {x: 0.5, y: 0.5}
    oldSize: {x: 7.02, y: 3.05}
    newSize: {x: 7.02, y: 3.05}
    adaptiveTilingThreshold: 0.5
    drawMode: 0
    adaptiveTiling: 0
  m_AutoTiling: 0
  m_Points:
    m_Paths:
    - - {x: 1.65, y: -1.225}
      - {x: 1.7199999, y: -1.2049999}
      - {x: 1.8199999, y: -1.175}
      - {x: 2.1499999, y: -1.0849999}
      - {x: 2.29, y: -1.025}
      - {x: 2.29, y: -0.995}
      - {x: 2.28, y: -0.97499996}
      - {x: 1.99, y: -0.79499996}
      - {x: 1.9399999, y: -0.775}
      - {x: 1.81, y: -0.775}
      - {x: 1.8, y: -0.78499997}
      - {x: 1.5799999, y: -0.79499996}
      - {x: 1.67, y: -0.79499996}
      - {x: 1.68, y: -0.78499997}
      - {x: 1.78, y: -0.78499997}
      - {x: 1.79, y: -0.775}
      - {x: 1.9799999, y: -0.765}
      - {x: 2.08, y: -0.85499996}
      - {x: 2.19, y: -0.91499996}
      - {x: 2.28, y: -0.905}
      - {x: 2.75, y: -0.835}
      - {x: 2.95, y: -0.805}
      - {x: 3.1, y: -0.72499996}
      - {x: 3.29, y: -0.615}
      - {x: 3.51, y: -0.475}
      - {x: 3.51, y: -0.45499998}
      - {x: 3.48, y: -0.42499998}
      - {x: 3.3799999, y: -0.42499998}
      - {x: 2.99, y: -0.445}
      - {x: 2.62, y: -0.465}
      - {x: 2.4099998, y: -0.475}
      - {x: 2.03, y: -0.49499997}
      - {x: 1.66, y: -0.515}
      - {x: 1.4499999, y: -0.525}
      - {x: 1.0799999, y: -0.545}
      - {x: 0.87, y: -0.555}
      - {x: 0.69, y: -0.565}
      - {x: 0.29, y: -0.585}
      - {x: 0.11, y: -0.59499997}
      - {x: 0.01, y: -0.585}
      - {x: 0.06, y: -0.525}
      - {x: 0.08, y: -0.49499997}
      - {x: 0.25, y: -0.49499997}
      - {x: 0.42999998, y: -0.48499998}
      - {x: 0.71, y: -0.475}
      - {x: 1, y: -0.185}
      - {x: 0.97999996, y: -0.155}
      - {x: 0.65, y: -0.155}
      - {x: 0.78999996, y: -0.015}
      - {x: 0.76, y: 0.055}
      - {x: 0.64, y: 0.16499999}
      - {x: 0.83, y: 0.155}
      - {x: 0.97999996, y: 0.155}
      - {x: 1, y: 0.185}
      - {x: 0.71, y: 0.475}
      - {x: 0.42, y: 0.48499998}
      - {x: 0.25, y: 0.49499997}
      - {x: 0.089999996, y: 0.49499997}
      - {x: 0.01, y: 0.59499997}
      - {x: 0.11, y: 0.59499997}
      - {x: 0.29, y: 0.585}
      - {x: 0.69, y: 0.565}
      - {x: 0.87, y: 0.555}
      - {x: 2.03, y: 0.49499997}
      - {x: 2.4099998, y: 0.475}
      - {x: 2.62, y: 0.465}
      - {x: 2.8, y: 0.45499998}
      - {x: 2.99, y: 0.445}
      - {x: 3.1899998, y: 0.435}
      - {x: 3.49, y: 0.42499998}
      - {x: 3.51, y: 0.45499998}
      - {x: 3.51, y: 0.475}
      - {x: 3.1699998, y: 0.695}
      - {x: 2.95, y: 0.805}
      - {x: 2.4199998, y: 0.885}
      - {x: 2.19, y: 0.92499995}
      - {x: 2.12, y: 0.875}
      - {x: 2.01, y: 0.79499996}
      - {x: 1.99, y: 0.765}
      - {x: 1.88, y: 0.775}
      - {x: 1.68, y: 0.78499997}
      - {x: 1.67, y: 0.79499996}
      - {x: 1.5799999, y: 0.79499996}
      - {x: 1.8, y: 0.78499997}
      - {x: 1.81, y: 0.775}
      - {x: 1.9399999, y: 0.775}
      - {x: 1.99, y: 0.79499996}
      - {x: 2.03, y: 0.825}
      - {x: 2.11, y: 0.875}
      - {x: 2.2, y: 0.92499995}
      - {x: 2.3, y: 0.98499995}
      - {x: 2.28, y: 1.045}
      - {x: 2.08, y: 1.095}
      - {x: 1.49, y: 1.275}
      - {x: 1.13, y: 1.385}
      - {x: 0.69, y: 1.525}
      - {x: 0.52, y: 1.525}
      - {x: 0.39999998, y: 1.485}
      - {x: 0.19999999, y: 1.425}
      - {x: -0.21, y: 1.3149999}
      - {x: -0.22999999, y: 1.345}
      - {x: -0.29, y: 1.405}
      - {x: -0.38, y: 1.415}
      - {x: -0.55, y: 1.345}
      - {x: -0.63, y: 1.355}
      - {x: -0.66999996, y: 1.4449999}
      - {x: -0.79999995, y: 1.4549999}
      - {x: -0.94, y: 1.395}
      - {x: -1.14, y: 1.415}
      - {x: -1.3, y: 1.435}
      - {x: -2.07, y: 1.125}
      - {x: -2.69, y: 0.865}
      - {x: -2.85, y: 0.78499997}
      - {x: -2.84, y: 0.755}
      - {x: -2.79, y: 0.745}
      - {x: -2.6, y: 0.73499995}
      - {x: -2.44, y: 0.705}
      - {x: -2.76, y: 0.73499995}
      - {x: -2.98, y: 0.765}
      - {x: -3.05, y: 0.745}
      - {x: -3.23, y: 0.635}
      - {x: -3.4099998, y: 0.545}
      - {x: -3.51, y: 0.475}
      - {x: -3.51, y: 0.39499998}
      - {x: -3.47, y: 0.355}
      - {x: -3.31, y: 0.24499999}
      - {x: -3.03, y: 0.074999996}
      - {x: -2.79, y: 0.035}
      - {x: -2.82, y: 0.015}
      - {x: -2.78, y: -0.065}
      - {x: -3.03, y: -0.074999996}
      - {x: -3.08, y: -0.105}
      - {x: -3.4299998, y: -0.345}
      - {x: -3.51, y: -0.405}
      - {x: -3.51, y: -0.475}
      - {x: -3.5, y: -0.48499998}
      - {x: -3.23, y: -0.635}
      - {x: -3.05, y: -0.745}
      - {x: -2.97, y: -0.765}
      - {x: -2.8799999, y: -0.745}
      - {x: -2.76, y: -0.73499995}
      - {x: -2.4299998, y: -0.705}
      - {x: -2.4099998, y: -0.73499995}
      - {x: -2.79, y: -0.745}
      - {x: -2.84, y: -0.765}
      - {x: -2.85, y: -0.79499996}
      - {x: -2.75, y: -0.85499996}
      - {x: -2.55, y: -0.92499995}
      - {x: -2.07, y: -1.125}
      - {x: -1.9699999, y: -1.165}
      - {x: -1.3299999, y: -1.425}
      - {x: -1.27, y: -1.4449999}
      - {x: -1.13, y: -1.425}
      - {x: -0.95, y: -1.395}
      - {x: -0.81, y: -1.4649999}
      - {x: -0.68, y: -1.4449999}
      - {x: -0.65999997, y: -1.425}
      - {x: -0.62, y: -1.3349999}
      - {x: -0.57, y: -1.3249999}
      - {x: -0.39999998, y: -1.415}
      - {x: -0.29, y: -1.405}
      - {x: -0.26, y: -1.355}
      - {x: -0.22999999, y: -1.275}
      - {x: -0.16, y: -1.265}
      - {x: -0.19, y: -1.285}
      - {x: -0.17999999, y: -1.3149999}
      - {x: -0.049999997, y: -1.365}
      - {x: 0.089999996, y: -1.395}
      - {x: 0.34, y: -1.4649999}
      - {x: 0.55, y: -1.525}
      - {x: 0.66999996, y: -1.525}
      - {x: 1.06, y: -1.405}
      - {x: 1.4599999, y: -1.285}
      - {x: 1.62, y: -1.235}
    - - {x: -1.03, y: -0.625}
      - {x: -1.0699999, y: -0.66499996}
      - {x: -1.06, y: -0.66499996}
    - - {x: -1.05, y: 0.645}
      - {x: -0.88, y: 0.655}
      - {x: -0.98999995, y: 0.575}
      - {x: -0.98999995, y: 0.585}
--- !u!82 &82870122447277736
AudioSource:
  m_ObjectHideFlags: 1
  m_PrefabParentObject: {fileID: 0}
  m_PrefabInternal: {fileID: 100100000}
  m_GameObject: {fileID: 1188512252761294}
  m_Enabled: 1
  serializedVersion: 4
  OutputAudioMixerGroup: {fileID: 0}
  m_audioClip: {fileID: 8300000, guid: 24329f9424654ac4e9d870e3645b3be7, type: 3}
  m_PlayOnAwake: 0
  m_Volume: 1
  m_Pitch: 1
  Loop: 0
  Mute: 0
  Spatialize: 0
  SpatializePostEffects: 0
  Priority: 128
  DopplerLevel: 1
  MinDistance: 1
  MaxDistance: 500
  Pan2D: 0
  rolloffMode: 0
  BypassEffects: 0
  BypassListenerEffects: 0
  BypassReverbZones: 0
  rolloffCustomCurve:
    serializedVersion: 2
    m_Curve:
    - serializedVersion: 2
      time: 0
      value: 1
      inSlope: 0
      outSlope: 0
      tangentMode: 0
    - serializedVersion: 2
      time: 1
      value: 0
      inSlope: 0
      outSlope: 0
      tangentMode: 0
    m_PreInfinity: 2
    m_PostInfinity: 2
    m_RotationOrder: 4
  panLevelCustomCurve:
    serializedVersion: 2
    m_Curve:
    - serializedVersion: 2
      time: 0
      value: 0
      inSlope: 0
      outSlope: 0
      tangentMode: 0
    m_PreInfinity: 2
    m_PostInfinity: 2
    m_RotationOrder: 0
  spreadCustomCurve:
    serializedVersion: 2
    m_Curve:
    - serializedVersion: 2
      time: 0
      value: 0
      inSlope: 0
      outSlope: 0
      tangentMode: 0
    m_PreInfinity: 2
    m_PostInfinity: 2
    m_RotationOrder: 4
  reverbZoneMixCustomCurve:
    serializedVersion: 2
    m_Curve:
    - serializedVersion: 2
      time: 0
      value: 1
      inSlope: 0
      outSlope: 0
      tangentMode: 0
    m_PreInfinity: 2
    m_PostInfinity: 2
    m_RotationOrder: 0
--- !u!114 &114168600410976992
MonoBehaviour:
  m_ObjectHideFlags: 1
  m_PrefabParentObject: {fileID: 0}
  m_PrefabInternal: {fileID: 100100000}
  m_GameObject: {fileID: 1188512252761294}
  m_Enabled: 1
  m_EditorHideFlags: 0
  m_Script: {fileID: 11500000, guid: cfada69584f5b44c680e1d5da53ac8b0, type: 3}
  m_Name: 
  m_EditorClassIdentifier: 
  laser: {fileID: 1486524719288184, guid: 7bca4173a3d08431482067fd67563179, type: 2}
  bomb: {fileID: 1524788313114736, guid: 9047039709e344412907645bce7f30e9, type: 2}
  speed: 0.15
--- !u!114 &114720419156850142
MonoBehaviour:
  m_ObjectHideFlags: 1
  m_PrefabParentObject: {fileID: 0}
  m_PrefabInternal: {fileID: 100100000}
  m_GameObject: {fileID: 1188512252761294}
  m_Enabled: 1
  m_EditorHideFlags: 0
  m_Script: {fileID: 11500000, guid: a5e982649d4f647cf93a2deef8a1205b, type: 3}
  m_Name: 
  m_EditorClassIdentifier: 
  explosion: {fileID: 1752059679531312, guid: a156f5025879044a3aefd4c54b6bfd81, type: 2}
--- !u!212 &212417270504699266
SpriteRenderer:
  m_ObjectHideFlags: 1
  m_PrefabParentObject: {fileID: 0}
  m_PrefabInternal: {fileID: 100100000}
  m_GameObject: {fileID: 1188512252761294}
  m_Enabled: 1
  m_CastShadows: 0
  m_ReceiveShadows: 0
  m_MotionVectors: 1
  m_LightProbeUsage: 1
  m_ReflectionProbeUsage: 1
  m_Materials:
  - {fileID: 10754, guid: 0000000000000000f000000000000000, type: 0}
  m_StaticBatchInfo:
    firstSubMesh: 0
    subMeshCount: 0
  m_StaticBatchRoot: {fileID: 0}
  m_ProbeAnchor: {fileID: 0}
  m_LightProbeVolumeOverride: {fileID: 0}
  m_ScaleInLightmap: 1
  m_PreserveUVs: 0
  m_IgnoreNormalsForChartDetection: 0
  m_ImportantGI: 0
  m_SelectedEditorRenderState: 0
  m_MinimumChartSize: 4
  m_AutoUVMaxDistance: 0.5
  m_AutoUVMaxAngle: 89
  m_LightmapParameters: {fileID: 0}
  m_SortingLayerID: 0
  m_SortingLayer: 0
  m_SortingOrder: 10
  m_Sprite: {fileID: 21300000, guid: 5ae9fb8a7a4f3418c8bde72bbc0584db, type: 3}
  m_Color: {r: 1, g: 1, b: 1, a: 1}
  m_FlipX: 0
  m_FlipY: 0
  m_DrawMode: 0
  m_Size: {x: 7.02, y: 3.05}
  m_AdaptiveModeThreshold: 0.5
  m_SpriteTileMode: 0
  m_WasSpriteAssigned: 1
